<record><leader>00000cas a22000007a 4500</leader><controlfield tag="001">9664304</controlfield><controlfield tag="008">830701d19011908ohudr ne      0    0ger d</controlfield><controlfield tag="009">3783</controlfield><datafield ind1=" " ind2=" " tag="010"><subfield code="a">sn 83035280 </subfield></datafield><datafield ind1=" " ind2=" " tag="040"><subfield code="a">NPY</subfield><subfield code="b">eng</subfield><subfield code="c">NPY</subfield></datafield><datafield ind1="1" ind2=" " tag="029"><subfield code="a">AU@</subfield><subfield code="b">000025840350</subfield></datafield><datafield ind1=" " ind2=" " tag="042"><subfield code="a">msc</subfield></datafield><datafield ind1="0" ind2="0" tag="245"><subfield code="a">Clevelander Herold.</subfield></datafield><datafield ind1=" " ind2=" " tag="260"><subfield code="a">[Cleveland, Ohio] :</subfield><subfield code="b">Herold Pub. Co.,</subfield><subfield code="c">1901-</subfield></datafield><datafield ind1=" " ind2=" " tag="300"><subfield code="a">v. :</subfield><subfield code="b">ill. ;</subfield><subfield code="c">56 cm.</subfield></datafield><datafield ind1=" " ind2=" " tag="310"><subfield code="a">Daily</subfield><subfield code="b">May 1, 1906-</subfield></datafield><datafield ind1=" " ind2=" " tag="321"><subfield code="a">Weekly</subfield><subfield code="b">Mar. 2, 1901-Apr. 26, 1906</subfield></datafield><datafield ind1="0" ind2=" " tag="362"><subfield code="a">Jahrg. 1, no. 1 (Ma&#776;rz  2, 1901)-</subfield></datafield><datafield ind1="1" ind2=" " tag="362"><subfield code="a">Ceased in 1908?</subfield><subfield code="z">Cf. Arndt, K.  German lang. press of the Ams., 1965.</subfield></datafield><datafield ind1=" " ind2=" " tag="500"><subfield code="a">"Republican." Cf. Arndt, K.  German lang. press of the Ams., 1965.</subfield></datafield><datafield ind1=" " ind2=" " tag="546"><subfield code="a">In German.</subfield></datafield><datafield ind1=" " ind2=" " tag="752"><subfield code="a">United States</subfield><subfield code="b">Ohio</subfield><subfield code="c">Cuyahoga</subfield><subfield code="d">Cleveland.</subfield></datafield></record>